@Misc{AI,
   key = {AI},
   author= {Mario G. Piattini, Emilio del Peso}
   title = {Auditoría Informática, Un enfoque moderno},
   year = {1998},

}
